@Comment{jabref-meta: databaseType:biblatex;}
